<record><leader>00000cas a2200000 a 4500</leader><controlfield tag="001">14119922</controlfield><controlfield tag="008">860821d19361973kyuwr ne      0    0eng d</controlfield><datafield ind1=" " ind2=" " tag="010"><subfield code="a">sn 86069404 </subfield></datafield><datafield ind1=" " ind2=" " tag="040"><subfield code="a">KNP</subfield><subfield code="b">eng</subfield><subfield code="c">KNP</subfield><subfield code="d">OCL</subfield><subfield code="d">OCLCQ</subfield><subfield code="d">KYUBL</subfield><subfield code="d">OCLCQ</subfield><subfield code="d">OCLCF</subfield><subfield code="d">OCLCO</subfield></datafield><datafield ind1="1" ind2=" " tag="029"><subfield code="a">AU@</subfield><subfield code="b">000020426836</subfield></datafield><datafield ind1=" " ind2=" " tag="042"><subfield code="a">msc</subfield></datafield><datafield ind1=" " ind2=" " tag="043"><subfield code="a">n-us-ky</subfield></datafield><datafield ind1="0" ind2=" " tag="130"><subfield code="a">Clay tribune (Clay, Ky.)</subfield></datafield><datafield ind1="1" ind2="4" tag="245"><subfield code="a">The Clay tribune.</subfield></datafield><datafield ind1="3" ind2="0" tag="246"><subfield code="a">You name it</subfield></datafield><datafield ind1=" " ind2=" " tag="260"><subfield code="a">Clay, Ky. :</subfield><subfield code="b">Stanton Print. Co.,</subfield><subfield code="c">1936-1973.</subfield></datafield><datafield ind1=" " ind2=" " tag="300"><subfield code="a">v. :</subfield><subfield code="b">ill.</subfield></datafield><datafield ind1=" " ind2=" " tag="310"><subfield code="a">Weekly</subfield></datafield><datafield ind1="0" ind2=" " tag="362"><subfield code="a">Vol. 1, no. 61 (July 23, 1936)-v. 71, no. 29 (July 20, 1973).</subfield></datafield><datafield ind1=" " ind2=" " tag="500"><subfield code="a">Published as: You name it, July 23-Aug. 13, 1966, as part of a contest to name the newspaper.</subfield></datafield><datafield ind1=" " ind2=" " tag="500"><subfield code="a">Published in Providence, Ky. beginning with Nov. 4, 1966 issue.</subfield></datafield><datafield ind1=" " ind2="0" tag="651"><subfield code="a">Clay (Ky.)</subfield><subfield code="v">Newspapers.</subfield></datafield><datafield ind1=" " ind2="0" tag="651"><subfield code="a">Webster County (Ky.)</subfield><subfield code="v">Newspapers.</subfield></datafield><datafield ind1=" " ind2="7" tag="655"><subfield code="a">Newspapers.</subfield><subfield code="2">fast</subfield><subfield code="0">(OCoLC)fst01423814</subfield></datafield><datafield ind1=" " ind2="7" tag="651"><subfield code="a">Kentucky</subfield><subfield code="z">Clay.</subfield><subfield code="2">fast</subfield><subfield code="0">(OCoLC)fst01233244</subfield></datafield><datafield ind1=" " ind2="7" tag="651"><subfield code="a">Kentucky</subfield><subfield code="z">Webster County.</subfield><subfield code="2">fast</subfield><subfield code="0">(OCoLC)fst01214075</subfield></datafield><datafield ind1=" " ind2=" " tag="752"><subfield code="a">United States</subfield><subfield code="b">Kentucky</subfield><subfield code="c">Webster</subfield><subfield code="d">Clay.</subfield></datafield><datafield ind1=" " ind2=" " tag="752"><subfield code="a">United States</subfield><subfield code="b">Kentucky</subfield><subfield code="c">Webster</subfield><subfield code="d">Providence.</subfield></datafield><datafield ind1="0" ind2="0" tag="780"><subfield code="t">Sturgis post</subfield><subfield code="w">(DLC)sn 85052050</subfield></datafield><datafield ind1="0" ind2="4" tag="785"><subfield code="t">Journal-enterprise</subfield><subfield code="w">(DLC)sn 86069403</subfield></datafield></record>